@InProceedings{OseraZ15,
  author       = {Peter{-}Michael Osera and Steve Zdancewic},
  title        = {Type-and-example-directed program synthesis},
  year         = 2015,
  booktitle    = {Proceedings of the 36th {ACM} {SIGPLAN} Conference
                  on Programming Language Design and Implementation,
                  Portland, OR, USA, June 15-17, 2015},
  pages        = {619-630},
  doi          = {10.1145/2737924.2738007},
  url          = {https://doi.org/10.1145/2737924.2738007},
  crossref     = {DBLP:conf/pldi/2015},
  timestamp    = {Tue, 06 Nov 2018 16:59:30 +0100},
  biburl       = {https://dblp.org/rec/bib/conf/pldi/OseraZ15},
  bibsource    = {dblp computer science bibliography,
                  https://dblp.org}
}

@proceedings{DBLP:conf/pldi/2015,
  editor    = {David Grove and
               Steve Blackburn},
  title     = {Proceedings of the 36th {ACM} {SIGPLAN} Conference on Programming
               Language Design and Implementation, Portland, OR, USA, June 15-17,
               2015},
  publisher = {{ACM}},
  year      = {2015},
  url       = {http://dl.acm.org/citation.cfm?id=2737924},
  isbn      = {978-1-4503-3468-6},
  timestamp = {Fri, 05 Jun 2015 07:23:07 +0200},
  biburl    = {https://dblp.org/rec/bib/conf/pldi/2015},
  bibsource = {dblp computer science bibliography, https://dblp.org}
}

@InProceedings{Eguchi0T18,
  author       = {Shingo Eguchi and Naoki Kobayashi and Takeshi
                  Tsukada},
  title        = {Automated Synthesis of Functional Programs with
                  Auxiliary Functions},
  year         = 2018,
  booktitle    = {Programming Languages and Systems - 16th Asian
                  Symposium, {APLAS} 2018, Wellington, New Zealand,
                  December 2-6, 2018, Proceedings},
  pages        = {223-241},
  doi          = {10.1007/978-3-030-02768-1\_13},
  url          = {https://doi.org/10.1007/978-3-030-02768-1\_13},
  crossref     = {DBLP:conf/aplas/2018},
  timestamp    = {Tue, 14 May 2019 10:00:41 +0200},
  biburl       = {https://dblp.org/rec/bib/conf/aplas/Eguchi0T18},
  bibsource    = {dblp computer science bibliography,
                  https://dblp.org}
}

@proceedings{DBLP:conf/aplas/2018,
  editor    = {Sukyoung Ryu},
  title     = {Programming Languages and Systems - 16th Asian Symposium, {APLAS}
               2018, Wellington, New Zealand, December 2-6, 2018, Proceedings},
  series    = {Lecture Notes in Computer Science},
  volume    = {11275},
  publisher = {Springer},
  year      = {2018},
  url       = {https://doi.org/10.1007/978-3-030-02768-1},
  doi       = {10.1007/978-3-030-02768-1},
  isbn      = {978-3-030-02767-4},
  timestamp = {Tue, 14 May 2019 10:00:41 +0200},
  biburl    = {https://dblp.org/rec/bib/conf/aplas/2018},
  bibsource = {dblp computer science bibliography, https://dblp.org}
}

@PHDTHESIS{Byrd2010thesis,
  title = "Relational Programming in miniKanren: Techniques, Applications, and Implementations",
  author = "William E. Byrd",
  year = "2010",
  school = "Indiana University"
}

@inproceedings{Hemann13microKanren,
  author = "Hemann, Jason and Friedman, Daniel P.",
  title = "$\mu$Kanren: A Minimal Functional Core for Relational Programming",
  booktitle = "Proceedings of the 2013 Workshop on Scheme and Functional Programming (Scheme'13)",
  year = 2013
}

@InProceedings{Kosarev2016typedembedding,
  author       = {Dmitry Kosarev and Dmitry Boulytchev},
  title        = {Typed Embedding of a Relational Language in OCaml},
  year         = 2016,
  booktitle    = {Proceedings {ML} Family Workshop / OCaml Users and
                  Developers workshops, {ML/OCAML} 2016, Nara, Japan,
                  September 22-23, 2016.},
  pages        = {1-22},
  doi          = {10.4204/EPTCS.285.1},
  url          = {https://doi.org/10.4204/EPTCS.285.1},
  crossref     = {DBLP:journals/corr/abs-1812-10891},
  timestamp    = {Fri, 04 Jan 2019 12:22:11 +0100},
  biburl       =
                  {https://dblp.org/rec/bib/journals/corr/abs-1805-11006},
  bibsource    = {dblp computer science bibliography,
                  https://dblp.org}
}

@proceedings{DBLP:journals/corr/abs-1812-10891,
  editor    = {Kenichi Asai and
               Mark R. Shinwell},
  title     = {Proceedings {ML} Family Workshop / OCaml Users and Developers workshops,
               {ML/OCAML} 2016, Nara, Japan, September 22-23, 2016},
  series    = {{EPTCS}},
  volume    = {285},
  year      = {2018},
  url       = {https://doi.org/10.4204/EPTCS.285},
  doi       = {10.4204/EPTCS.285},
  timestamp = {Fri, 04 Jan 2019 12:22:11 +0100},
  biburl    = {https://dblp.org/rec/bib/journals/corr/abs-1812-10891},
  bibsource = {dblp computer science bibliography, https://dblp.org}
}

@InProceedings{Kiselyov2005backtracking,
  author       = {Oleg Kiselyov and Chung{-}chieh Shan and Daniel
                  P. Friedman and Amr Sabry},
  title        = {Backtracking, interleaving, and terminating monad
                  transformers: (functional pearl)},
  year         = 2005,
  booktitle    = {Proceedings of the 10th {ACM} {SIGPLAN}
                  International Conference on Functional Programming,
                  {ICFP} 2005, Tallinn, Estonia, September 26-28,
                  2005},
  pages        = {192-203},
  doi          = {10.1145/1086365.1086390},
  url          = {https://doi.org/10.1145/1086365.1086390},
  crossref     = {DBLP:conf/icfp/2005},
  timestamp    = {Wed, 14 Nov 2018 10:52:41 +0100},
  biburl       = {https://dblp.org/rec/bib/conf/icfp/KiselyovSFS05},
  bibsource    = {dblp computer science bibliography,
                  https://dblp.org}
}

@proceedings{DBLP:conf/icfp/2005,
  editor    = {Olivier Danvy and
               Benjamin C. Pierce},
  title     = {Proceedings of the 10th {ACM} {SIGPLAN} International Conference on
               Functional Programming, {ICFP} 2005, Tallinn, Estonia, September 26-28,
               2005},
  publisher = {{ACM}},
  year      = {2005},
  isbn      = {1-59593-064-7},
  timestamp = {Thu, 06 Oct 2005 13:23:18 +0200},
  biburl    = {https://dblp.org/rec/bib/conf/icfp/2005},
  bibsource = {dblp computer science bibliography, https://dblp.org}
}

@Article{GulwaniPS17,
  author       = {Sumit Gulwani and Oleksandr Polozov and Rishabh
                  Singh},
  title        = {Program Synthesis},
  year         = 2017,
  volume       = 4,
  number       = {1-2},
  pages        = {1-119},
  doi          = {10.1561/2500000010},
  url          = {https://doi.org/10.1561/2500000010},
  journal      = {Foundations and Trends in Programming Languages},
  timestamp    = {Wed, 14 Nov 2018 10:17:24 +0100},
  biburl       = {https://dblp.org/rec/bib/journals/ftpl/GulwaniPS17},
  bibsource    = {dblp computer science bibliography,
                  https://dblp.org}
}

@Article{GiantsiosPS17,
  author       = {Aggelos Giantsios and Nikolaos Papaspyrou and
                  Konstantinos Sagonas},
  title        = {Concolic testing for functional languages},
  year         = 2017,
  volume       = 147,
  pages        = {109-134},
  doi          = {10.1016/j.scico.2017.04.008},
  url          = {https://doi.org/10.1016/j.scico.2017.04.008},
  journal      = {Sci. Comput. Program.},
  timestamp    = {Mon, 02 Oct 2017 15:57:45 +0200},
  biburl       = {https://dblp.org/rec/bib/journals/scp/GiantsiosPS17},
  bibsource    = {dblp computer science bibliography,
                  https://dblp.org}
}

@InProceedings{CadarDE08,
  author       = {Cristian Cadar and Daniel Dunbar and Dawson
                  R. Engler},
  title        = {{KLEE:} Unassisted and Automatic Generation of
                  High-Coverage Tests for Complex Systems Programs},
  year         = 2008,
  booktitle    = {8th {USENIX} Symposium on Operating Systems Design
                  and Implementation, {OSDI} 2008, December 8-10,
                  2008, San Diego, California, USA, Proceedings},
  pages        = {209-224},
  url          =
                  {http://www.usenix.org/events/osdi08/tech/full\_papers/cadar/cadar.pdf},
  crossref     = {DBLP:conf/osdi/2008},
  timestamp    = {Wed, 04 Jul 2018 13:06:35 +0200},
  biburl       = {https://dblp.org/rec/bib/conf/osdi/CadarDE08},
  bibsource    = {dblp computer science bibliography,
                  https://dblp.org}
}

@proceedings{DBLP:conf/osdi/2008,
  editor    = {Richard Draves and
               Robbert van Renesse},
  title     = {8th {USENIX} Symposium on Operating Systems Design and Implementation,
               {OSDI} 2008, December 8-10, 2008, San Diego, California, USA, Proceedings},
  publisher = {{USENIX} Association},
  year      = {2008},
  isbn      = {978-1-931971-65-2},
  timestamp = {Wed, 04 Jul 2018 13:06:35 +0200},
  biburl    = {https://dblp.org/rec/bib/conf/osdi/2008},
  bibsource = {dblp computer science bibliography, https://dblp.org}
}

@InProceedings{BucurKC14,
  author       = {Stefan Bucur and Johannes Kinder and George Candea},
  title        = {Prototyping symbolic execution engines for
                  interpreted languages},
  year         = 2014,
  booktitle    = {Architectural Support for Programming Languages and
                  Operating Systems, {ASPLOS} '14, Salt Lake City, UT,
                  USA, March 1-5, 2014},
  pages        = {239-254},
  doi          = {10.1145/2541940.2541977},
  url          = {https://doi.org/10.1145/2541940.2541977},
  crossref     = {DBLP:conf/asplos/2014},
  timestamp    = {Tue, 06 Nov 2018 11:07:42 +0100},
  biburl       = {https://dblp.org/rec/bib/conf/asplos/BucurKC14},
  bibsource    = {dblp computer science bibliography,
                  https://dblp.org}
}

@proceedings{DBLP:conf/asplos/2014,
  editor    = {Rajeev Balasubramonian and
               Al Davis and
               Sarita V. Adve},
  title     = {Architectural Support for Programming Languages and Operating Systems,
               {ASPLOS} '14, Salt Lake City, UT, USA, March 1-5, 2014},
  publisher = {{ACM}},
  year      = {2014},
  url       = {http://dl.acm.org/citation.cfm?id=2541940},
  isbn      = {978-1-4503-2305-5},
  timestamp = {Wed, 05 Mar 2014 20:33:53 +0100},
  biburl    = {https://dblp.org/rec/bib/conf/asplos/2014},
  bibsource = {dblp computer science bibliography, https://dblp.org}
}

@InProceedings{GodefroidLM08,
  author       = {Patrice Godefroid and Michael Y. Levin and David
                  A. Molnar},
  title        = {Automated Whitebox Fuzz Testing},
  year         = 2008,
  booktitle    = {Proceedings of the Network and Distributed System
                  Security Symposium, {NDSS} 2008, San Diego,
                  California, USA, 10th February - 13th February 2008},
  url          =
                  {http://www.isoc.org/isoc/conferences/ndss/08/papers/10\_automated\_whitebox\_fuzz.pdf},
  crossref     = {DBLP:conf/ndss/2008},
  timestamp    = {Thu, 18 Jun 2009 21:33:57 +0200},
  biburl       = {https://dblp.org/rec/bib/conf/ndss/GodefroidLM08},
  bibsource    = {dblp computer science bibliography,
                  https://dblp.org}
}

@proceedings{DBLP:conf/ndss/2008,
  title     = {Proceedings of the Network and Distributed System Security Symposium,
               {NDSS} 2008, San Diego, California, USA, 10th February - 13th February
               2008},
  publisher = {The Internet Society},
  year      = {2008},
  timestamp = {Thu, 18 Jun 2009 21:33:57 +0200},
  biburl    = {https://dblp.org/rec/bib/conf/ndss/2008},
  bibsource = {dblp computer science bibliography, https://dblp.org}
}

@InProceedings{GodefroidKS05,
  author       = {Patrice Godefroid and Nils Klarlund and Koushik Sen},
  title        = {{DART:} directed automated random testing},
  year         = 2005,
  booktitle    = {Proceedings of the {ACM} {SIGPLAN} 2005 Conference
                  on Programming Language Design and Implementation,
                  Chicago, IL, USA, June 12-15, 2005},
  pages        = {213-223},
  doi          = {10.1145/1065010.1065036},
  url          = {https://doi.org/10.1145/1065010.1065036},
  crossref     = {DBLP:conf/pldi/2005},
  timestamp    = {Tue, 06 Nov 2018 16:59:30 +0100},
  biburl       = {https://dblp.org/rec/bib/conf/pldi/GodefroidKS05},
  bibsource    = {dblp computer science bibliography,
                  https://dblp.org}
}

@proceedings{DBLP:conf/pldi/2005,
  editor    = {Vivek Sarkar and
               Mary W. Hall},
  title     = {Proceedings of the {ACM} {SIGPLAN} 2005 Conference on Programming
               Language Design and Implementation, Chicago, IL, USA, June 12-15,
               2005},
  publisher = {{ACM}},
  year      = {2005},
  isbn      = {1-59593-056-6},
  timestamp = {Wed, 22 Jun 2005 09:32:07 +0200},
  biburl    = {https://dblp.org/rec/bib/conf/pldi/2005},
  bibsource = {dblp computer science bibliography, https://dblp.org}
}

@InProceedings{SenMA05,
  author       = {Koushik Sen and Darko Marinov and Gul Agha},
  title        = {{CUTE:} a concolic unit testing engine for {C}},
  year         = 2005,
  booktitle    = {Proceedings of the 10th European Software
                  Engineering Conference held jointly with 13th {ACM}
                  {SIGSOFT} International Symposium on Foundations of
                  Software Engineering, 2005, Lisbon, Portugal,
                  September 5-9, 2005},
  pages        = {263-272},
  doi          = {10.1145/1081706.1081750},
  url          = {https://doi.org/10.1145/1081706.1081750},
  crossref     = {DBLP:conf/sigsoft/2005},
  timestamp    = {Tue, 06 Nov 2018 16:59:22 +0100},
  biburl       = {https://dblp.org/rec/bib/conf/sigsoft/SenMA05},
  bibsource    = {dblp computer science bibliography,
                  https://dblp.org}
}

@proceedings{DBLP:conf/sigsoft/2005,
  editor    = {Michel Wermelinger and
               Harald C. Gall},
  title     = {Proceedings of the 10th European Software Engineering Conference held
               jointly with 13th {ACM} {SIGSOFT} International Symposium on Foundations
               of Software Engineering, 2005, Lisbon, Portugal, September 5-9, 2005},
  publisher = {{ACM}},
  year      = {2005},
  isbn      = {1-59593-014-0},
  timestamp = {Wed, 01 Apr 2015 20:06:24 +0200},
  biburl    = {https://dblp.org/rec/bib/conf/sigsoft/2005},
  bibsource = {dblp computer science bibliography, https://dblp.org}
}

@InProceedings{LindnerAL18,
  author       = {Marcus Lindner and Jorge Aparicius and Per Lindgren},
  title        = {No Panic! Verification of Rust Programs by Symbolic
                  Execution},
  year         = 2018,
  booktitle    = {16th {IEEE} International Conference on Industrial
                  Informatics, {INDIN} 2018, Porto, Portugal, July
                  18-20, 2018},
  pages        = {108-114},
  doi          = {10.1109/INDIN.2018.8471992},
  url          = {https://doi.org/10.1109/INDIN.2018.8471992},
  crossref     = {DBLP:conf/indin/2018},
  timestamp    = {Fri, 12 Oct 2018 10:26:41 +0200},
  biburl       = {https://dblp.org/rec/bib/conf/indin/LindnerAL18},
  bibsource    = {dblp computer science bibliography,
                  https://dblp.org}
}

@proceedings{DBLP:conf/indin/2018,
  title     = {16th {IEEE} International Conference on Industrial Informatics, {INDIN}
               2018, Porto, Portugal, July 18-20, 2018},
  publisher = {{IEEE}},
  year      = {2018},
  url       = {http://ieeexplore.ieee.org/xpl/mostRecentIssue.jsp?punumber=8453042},
  isbn      = {978-1-5386-4829-2},
  timestamp = {Fri, 12 Oct 2018 09:59:04 +0200},
  biburl    = {https://dblp.org/rec/bib/conf/indin/2018},
  bibsource = {dblp computer science bibliography, https://dblp.org}
}

@InProceedings{SenA06,
  author       = {Koushik Sen and Gul Agha},
  title        = {{CUTE} and {jCUTE}: Concolic Unit Testing and Explicit
                  Path Model-Checking Tools},
  year         = 2006,
  booktitle    = {Computer Aided Verification, 18th International
                  Conference, {CAV} 2006, Seattle, WA, USA, August
                  17-20, 2006, Proceedings},
  pages        = {419-423},
  doi          = {10.1007/11817963\_38},
  url          = {https://doi.org/10.1007/11817963\_38},
  crossref     = {DBLP:conf/cav/2006},
  timestamp    = {Tue, 14 May 2019 10:00:43 +0200},
  biburl       = {https://dblp.org/rec/bib/conf/cav/SenA06},
  bibsource    = {dblp computer science bibliography,
                  https://dblp.org}
}

@proceedings{DBLP:conf/cav/2006,
  editor    = {Thomas Ball and
               Robert B. Jones},
  title     = {Computer Aided Verification, 18th International Conference, {CAV}
               2006, Seattle, WA, USA, August 17-20, 2006, Proceedings},
  series    = {Lecture Notes in Computer Science},
  volume    = {4144},
  publisher = {Springer},
  year      = {2006},
  url       = {https://doi.org/10.1007/11817963},
  doi       = {10.1007/11817963},
  isbn      = {3-540-37406-X},
  timestamp = {Tue, 14 May 2019 10:00:43 +0200},
  biburl    = {https://dblp.org/rec/bib/conf/cav/2006},
  bibsource = {dblp computer science bibliography, https://dblp.org}
}

@InProceedings{BurnimS08,
  author       = {Jacob Burnim and Koushik Sen},
  title        = {Heuristics for Scalable Dynamic Test Generation},
  year         = 2008,
  booktitle    = {23rd {IEEE/ACM} International Conference on
                  Automated Software Engineering {(ASE} 2008), 15-19
                  September 2008, L'Aquila, Italy},
  pages        = {443-446},
  doi          = {10.1109/ASE.2008.69},
  url          = {https://doi.org/10.1109/ASE.2008.69},
  crossref     = {DBLP:conf/kbse/2008},
  timestamp    = {Tue, 23 May 2017 01:06:50 +0200},
  biburl       = {https://dblp.org/rec/bib/conf/kbse/BurnimS08},
  bibsource    = {dblp computer science bibliography,
                  https://dblp.org}
}

@proceedings{DBLP:conf/kbse/2008,
  title     = {23rd {IEEE/ACM} International Conference on Automated Software Engineering
               {(ASE} 2008), 15-19 September 2008, L'Aquila, Italy},
  publisher = {{IEEE} Computer Society},
  year      = {2008},
  url       = {http://ieeexplore.ieee.org/xpl/mostRecentIssue.jsp?punumber=4639292},
  isbn      = {978-1-4244-2187-9},
  timestamp = {Thu, 13 Aug 2015 18:46:50 +0200},
  biburl    = {https://dblp.org/rec/bib/conf/kbse/2008},
  bibsource = {dblp computer science bibliography, https://dblp.org}
}

@InProceedings{LiGR11,
  author       = {Guodong Li and Indradeep Ghosh and Sreeranga
                  P. Rajan},
  title        = {{KLOVER:} {A} Symbolic Execution and Automatic Test
                  Generation Tool for {C++} Programs},
  year         = 2011,
  booktitle    = {Computer Aided Verification - 23rd International
                  Conference, {CAV} 2011, Snowbird, UT, USA, July
                  14-20, 2011. Proceedings},
  pages        = {609-615},
  doi          = {10.1007/978-3-642-22110-1\_49},
  url          = {https://doi.org/10.1007/978-3-642-22110-1\_49},
  crossref     = {DBLP:conf/cav/2011},
  timestamp    = {Tue, 14 May 2019 10:00:43 +0200},
  biburl       = {https://dblp.org/rec/bib/conf/cav/LiGR11},
  bibsource    = {dblp computer science bibliography,
                  https://dblp.org}
}

@proceedings{DBLP:conf/cav/2011,
  editor    = {Ganesh Gopalakrishnan and
               Shaz Qadeer},
  title     = {Computer Aided Verification - 23rd International Conference, {CAV}
               2011, Snowbird, UT, USA, July 14-20, 2011. Proceedings},
  series    = {Lecture Notes in Computer Science},
  volume    = {6806},
  publisher = {Springer},
  year      = {2011},
  url       = {https://doi.org/10.1007/978-3-642-22110-1},
  doi       = {10.1007/978-3-642-22110-1},
  isbn      = {978-3-642-22109-5},
  timestamp = {Tue, 14 May 2019 10:00:43 +0200},
  biburl    = {https://dblp.org/rec/bib/conf/cav/2011},
  bibsource = {dblp computer science bibliography, https://dblp.org}
}

@InProceedings{AnandPV07,
  author       = {Saswat Anand and Corina S. Pasareanu and Willem
                  Visser},
  title        = {{JPF-SE:} {A} Symbolic Execution Extension to Java
                  PathFinder},
  year         = 2007,
  booktitle    = {Tools and Algorithms for the Construction and
                  Analysis of Systems, 13th International Conference,
                  {TACAS} 2007, Held as Part of the Joint European
                  Conferences on Theory and Practice of Software,
                  {ETAPS} 2007 Braga, Portugal, March 24 - April 1,
                  2007, Proceedings},
  pages        = {134-138},
  doi          = {10.1007/978-3-540-71209-1\_12},
  url          = {https://doi.org/10.1007/978-3-540-71209-1\_12},
  crossref     = {DBLP:conf/tacas/2007},
  timestamp    = {Tue, 14 May 2019 10:00:53 +0200},
  biburl       = {https://dblp.org/rec/bib/conf/tacas/AnandPV07},
  bibsource    = {dblp computer science bibliography,
                  https://dblp.org}
}

@proceedings{DBLP:conf/tacas/2007,
  editor    = {Orna Grumberg and
               Michael Huth},
  title     = {Tools and Algorithms for the Construction and Analysis of Systems,
               13th International Conference, {TACAS} 2007, Held as Part of the Joint
               European Conferences on Theory and Practice of Software, {ETAPS} 2007
               Braga, Portugal, March 24 - April 1, 2007, Proceedings},
  series    = {Lecture Notes in Computer Science},
  volume    = {4424},
  publisher = {Springer},
  year      = {2007},
  url       = {https://doi.org/10.1007/978-3-540-71209-1},
  doi       = {10.1007/978-3-540-71209-1},
  isbn      = {978-3-540-71208-4},
  timestamp = {Tue, 14 May 2019 10:00:53 +0200},
  biburl    = {https://dblp.org/rec/bib/conf/tacas/2007},
  bibsource = {dblp computer science bibliography, https://dblp.org}
}

@Article{ArtziKDTDPE10,
  author       = {Shay Artzi and Adam Kiezun and Julian Dolby and
                  Frank Tip and Danny Dig and Amit M. Paradkar and
                  Michael D. Ernst},
  title        = {Finding Bugs in Web Applications Using Dynamic Test
                  Generation and Explicit-State Model Checking},
  year         = 2010,
  volume       = 36,
  number       = 4,
  pages        = {474-494},
  doi          = {10.1109/TSE.2010.31},
  url          = {https://doi.org/10.1109/TSE.2010.31},
  journal      = {{IEEE} Trans. Software Eng.},
  timestamp    = {Wed, 17 May 2017 10:56:37 +0200},
  biburl       = {https://dblp.org/rec/bib/journals/tse/ArtziKDTDPE10},
  bibsource    = {dblp computer science bibliography,
                  https://dblp.org}
}

@Article{KeidelPE18,
  author       = {Sven Keidel and Casper Bach Poulsen and Sebastian
                  Erdweg},
  title        = {Compositional soundness proofs of abstract
                  interpreters},
  year         = 2018,
  volume       = 2,
  number       = {{ICFP}},
  pages        = {72:1--72:26},
  doi          = {10.1145/3236767},
  url          = {https://doi.org/10.1145/3236767},
  journal      = {{PACMPL}},
  timestamp    = {Wed, 21 Nov 2018 12:44:28 +0100},
  biburl       = {https://dblp.org/rec/bib/journals/pacmpl/KeidelPE18},
  bibsource    = {dblp computer science bibliography,
                  https://dblp.org}
}
@InProceedings{Wadler92,
  author       = {Philip Wadler},
  title        = {The Essence of Functional Programming},
  year         = 1992,
  booktitle    = {Conference Record of the Nineteenth Annual {ACM}
                  {SIGPLAN-SIGACT} Symposium on Principles of
                  Programming Languages, Albuquerque, New Mexico, USA,
                  January 19-22, 1992},
  pages        = {1-14},
  doi          = {10.1145/143165.143169},
  url          = {https://doi.org/10.1145/143165.143169},
  crossref     = {DBLP:conf/popl/1992},
  timestamp    = {Tue, 06 Nov 2018 11:07:43 +0100},
  biburl       = {https://dblp.org/rec/bib/conf/popl/Wadler92},
  bibsource    = {dblp computer science bibliography,
                  https://dblp.org}
}

@proceedings{DBLP:conf/popl/1992,
  editor    = {Ravi Sethi},
  title     = {Conference Record of the Nineteenth Annual {ACM} {SIGPLAN-SIGACT}
               Symposium on Principles of Programming Languages, Albuquerque, New
               Mexico, USA, January 19-22, 1992},
  publisher = {{ACM} Press},
  year      = {1992},
  url       = {http://dl.acm.org/citation.cfm?id=143165},
  isbn      = {0-89791-453-8},
  timestamp = {Mon, 21 May 2012 16:19:51 +0200},
  biburl    = {https://dblp.org/rec/bib/conf/popl/1992},
  bibsource = {dblp computer science bibliography, https://dblp.org}
}

@InProceedings{LiangHJ95,
  author       = {Sheng Liang and Paul Hudak and Mark P. Jones},
  title        = {Monad Transformers and Modular Interpreters},
  year         = 1995,
  booktitle    = {Conference Record of POPL'95: 22nd {ACM}
                  {SIGPLAN-SIGACT} Symposium on Principles of
                  Programming Languages, San Francisco, California,
                  USA, January 23-25, 1995},
  pages        = {333-343},
  doi          = {10.1145/199448.199528},
  url          = {https://doi.org/10.1145/199448.199528},
  crossref     = {DBLP:conf/popl/1995},
  timestamp    = {Tue, 06 Nov 2018 11:07:43 +0100},
  biburl       = {https://dblp.org/rec/bib/conf/popl/LiangHJ95},
  bibsource    = {dblp computer science bibliography,
                  https://dblp.org}
}

@proceedings{DBLP:conf/popl/1995,
  editor    = {Ron K. Cytron and
               Peter Lee},
  title     = {Conference Record of POPL'95: 22nd {ACM} {SIGPLAN-SIGACT} Symposium
               on Principles of Programming Languages, San Francisco, California,
               USA, January 23-25, 1995},
  publisher = {{ACM} Press},
  year      = {1995},
  url       = {http://dl.acm.org/citation.cfm?id=199448},
  isbn      = {0-89791-692-1},
  timestamp = {Mon, 10 Dec 2012 15:26:39 +0100},
  biburl    = {https://dblp.org/rec/bib/conf/popl/1995},
  bibsource = {dblp computer science bibliography, https://dblp.org}
}

@Misc{mtlreader,
  author = {Andy Gill},
  url = {http://hackage.haskell.org/package/mtl-2.2.2/},
  title = {The Monad Transformer Library},
  year = 2019
}

@InProceedings{Jones95,
  author       = {Mark P. Jones},
  title        = {Functional Programming with Overloading and
                  Higher-Order Polymorphism},
  year         = 1995,
  booktitle    = {Advanced Functional Programming, First International
                  Spring School on Advanced Functional Programming
                  Techniques, B{\aa}stad, Sweden, May 24-30, 1995,
                  Tutorial Text},
  pages        = {97-136},
  doi          = {10.1007/3-540-59451-5\_4},
  url          = {https://doi.org/10.1007/3-540-59451-5\_4},
  crossref     = {DBLP:conf/afp/1995},
  timestamp    = {Tue, 14 May 2019 10:00:44 +0200},
  biburl       = {https://dblp.org/rec/bib/conf/afp/Jones95},
  bibsource    = {dblp computer science bibliography,
                  https://dblp.org}
}

@proceedings{DBLP:conf/afp/1995,
  editor    = {Johan Jeuring and
               Erik Meijer},
  title     = {Advanced Functional Programming, First International Spring School
               on Advanced Functional Programming Techniques, B{\aa}stad, Sweden,
               May 24-30, 1995, Tutorial Text},
  series    = {Lecture Notes in Computer Science},
  volume    = {925},
  publisher = {Springer},
  year      = {1995},
  url       = {https://doi.org/10.1007/3-540-59451-5},
  doi       = {10.1007/3-540-59451-5},
  isbn      = {3-540-59451-5},
  timestamp = {Tue, 14 May 2019 10:00:44 +0200},
  biburl    = {https://dblp.org/rec/bib/conf/afp/1995},
  bibsource = {dblp computer science bibliography, https://dblp.org}
}

@InProceedings{KiselyovI15,
  author       = {Oleg Kiselyov and Hiromi Ishii},
  title        = {Freer monads, more extensible effects},
  year         = 2015,
  booktitle    = {Proceedings of the 8th {ACM} {SIGPLAN} Symposium on
                  Haskell, Haskell 2015, Vancouver, BC, Canada,
                  September 3-4, 2015},
  pages        = {94-105},
  doi          = {10.1145/2804302.2804319},
  url          = {https://doi.org/10.1145/2804302.2804319},
  crossref     = {DBLP:conf/haskell/2015},
  timestamp    = {Tue, 06 Nov 2018 16:58:22 +0100},
  biburl       = {https://dblp.org/rec/bib/conf/haskell/KiselyovI15},
  bibsource    = {dblp computer science bibliography,
                  https://dblp.org}
}

@proceedings{DBLP:conf/haskell/2015,
  editor    = {Ben Lippmeier},
  title     = {Proceedings of the 8th {ACM} {SIGPLAN} Symposium on Haskell, Haskell
               2015, Vancouver, BC, Canada, September 3-4, 2015},
  publisher = {{ACM}},
  year      = {2015},
  url       = {https://doi.org/10.1145/2804302},
  doi       = {10.1145/2804302},
  isbn      = {978-1-4503-3808-0},
  timestamp = {Tue, 06 Nov 2018 16:58:22 +0100},
  biburl    = {https://dblp.org/rec/bib/conf/haskell/2015},
  bibsource = {dblp computer science bibliography, https://dblp.org}
}

@InProceedings{HancockS00,
  author       = {Peter Hancock and Anton Setzer},
  title        = {Interactive Programs in Dependent Type Theory},
  year         = 2000,
  booktitle    = {Computer Science Logic, 14th Annual Conference of
                  the EACSL, Fischbachau, Germany, August 21-26, 2000,
                  Proceedings},
  pages        = {317-331},
  doi          = {10.1007/3-540-44622-2\_21},
  url          = {https://doi.org/10.1007/3-540-44622-2\_21},
  crossref     = {DBLP:conf/csl/2000},
  timestamp    = {Tue, 14 May 2019 10:00:42 +0200},
  biburl       = {https://dblp.org/rec/bib/conf/csl/HancockS00},
  bibsource    = {dblp computer science bibliography,
                  https://dblp.org}
}

@proceedings{DBLP:conf/csl/2000,
  editor    = {Peter Clote and
               Helmut Schwichtenberg},
  title     = {Computer Science Logic, 14th Annual Conference of the EACSL, Fischbachau,
               Germany, August 21-26, 2000, Proceedings},
  series    = {Lecture Notes in Computer Science},
  volume    = {1862},
  publisher = {Springer},
  year      = {2000},
  url       = {https://doi.org/10.1007/3-540-44622-2},
  doi       = {10.1007/3-540-44622-2},
  isbn      = {3-540-67895-6},
  timestamp = {Tue, 14 May 2019 10:00:42 +0200},
  biburl    = {https://dblp.org/rec/bib/conf/csl/2000},
  bibsource = {dblp computer science bibliography, https://dblp.org}
}

@Article{SwierstraB19,
  author       = {Wouter Swierstra and Tim Baanen},
  title        = {A Predicate Transformer Semantics for Effects},
  year         = 2019,
  number       = {{ICFP}},
  url          = {https://doi.org/10.1145/3236767},
  journal      = {{PACMPL}}
}

@Article{ByrdBRM17,
  author       = {William E. Byrd and Michael Ballantyne and Gregory
                  Rosenblatt and Matthew Might},
  title        = {A unified approach to solving seven programming
                  problems (functional pearl)},
  year         = 2017,
  volume       = 1,
  number       = {{ICFP}},
  pages        = {8:1--8:26},
  doi          = {10.1145/3110252},
  url          = {https://doi.org/10.1145/3110252},
  journal      = {{PACMPL}},
  timestamp    = {Tue, 06 Nov 2018 12:51:05 +0100},
  biburl       = {https://dblp.org/rec/bib/journals/pacmpl/ByrdBRM17},
  bibsource    = {dblp computer science bibliography,
                  https://dblp.org}
}

@InProceedings{CousotC77,
  author       = {Patrick Cousot and Radhia Cousot},
  title        = {Abstract Interpretation: {A} Unified Lattice Model
                  for Static Analysis of Programs by Construction or
                  Approximation of Fixpoints},
  year         = 1977,
  booktitle    = {Conference Record of the Fourth {ACM} Symposium on
                  Principles of Programming Languages, Los Angeles,
                  California, USA, January 1977},
  pages        = {238-252},
  doi          = {10.1145/512950.512973},
  url          = {https://doi.org/10.1145/512950.512973},
  crossref     = {DBLP:conf/popl/77},
  timestamp    = {Tue, 06 Nov 2018 11:07:42 +0100},
  biburl       = {https://dblp.org/rec/bib/conf/popl/CousotC77},
  bibsource    = {dblp computer science bibliography,
                  https://dblp.org}
}

@proceedings{DBLP:conf/popl/77,
  editor    = {Robert M. Graham and
               Michael A. Harrison and
               Ravi Sethi},
  title     = {Conference Record of the Fourth {ACM} Symposium on Principles of Programming
               Languages, Los Angeles, California, USA, January 1977},
  publisher = {{ACM}},
  year      = {1977},
  url       = {http://dl.acm.org/citation.cfm?id=512950},
  timestamp = {Wed, 29 Mar 2017 16:45:25 +0200},
  biburl    = {https://dblp.org/rec/bib/conf/popl/77},
  bibsource = {dblp computer science bibliography, https://dblp.org}
}

@Book{Cousot78,
  author       = {Patrick Cousot},
  title        = {M{\'{e}}thodes it{\'{e}}ratives de construction et
                  d'approximation de points fixes d'op{\'{e}}rateurs
                  monotones sur un treillis, analyse s{\'{e}}mantique
                  des programmes},
  year         = 1978,
  url          = {https://tel.archives-ouvertes.fr/tel-00288657},
  timestamp    = {Thu, 28 Sep 2017 17:23:49 +0200},
  biburl       = {https://dblp.org/rec/bib/books/hal/Cousot78},
  bibsource    = {dblp computer science bibliography,
                  https://dblp.org}
}

@MISC {42290,
    TITLE = {Symbolic Execution is a case of Abstract Interpretation?},
    AUTHOR = {Patrick Cousot},
    HOWPUBLISHED = {Theoretical Computer Science Stack Exchange},
    URL = {https://cstheory.stackexchange.com/q/42290}
}

@InProceedings{KatsV10,
  author       = {Lennart C. L. Kats and Eelco Visser},
  title        = {The spoofax language workbench: rules for
                  declarative specification of languages and IDEs},
  year         = 2010,
  booktitle    = {Proceedings of the 25th Annual {ACM} {SIGPLAN}
                  Conference on Object-Oriented Programming, Systems,
                  Languages, and Applications, {OOPSLA} 2010, October
                  17-21, 2010, Reno/Tahoe, Nevada, {USA}},
  pages        = {444-463},
  doi          = {10.1145/1869459.1869497},
  url          = {https://doi.org/10.1145/1869459.1869497},
  crossref     = {DBLP:conf/oopsla/2010},
  timestamp    = {Tue, 06 Nov 2018 16:57:15 +0100},
  biburl       = {https://dblp.org/rec/bib/conf/oopsla/KatsV10},
  bibsource    = {dblp computer science bibliography,
                  https://dblp.org}
}

@proceedings{DBLP:conf/oopsla/2010,
  editor    = {William R. Cook and
               Siobh{\'{a}}n Clarke and
               Martin C. Rinard},
  title     = {Proceedings of the 25th Annual {ACM} {SIGPLAN} Conference on Object-Oriented
               Programming, Systems, Languages, and Applications, {OOPSLA} 2010,
               October 17-21, 2010, Reno/Tahoe, Nevada, {USA}},
  publisher = {{ACM}},
  year      = {2010},
  isbn      = {978-1-4503-0203-6},
  timestamp = {Wed, 27 Oct 2010 13:44:08 +0200},
  biburl    = {https://dblp.org/rec/bib/conf/oopsla/2010},
  bibsource = {dblp computer science bibliography, https://dblp.org}
}

@InProceedings{KlintSV09,
  author       = {Paul Klint and Tijs van der Storm and Jurgen
                  J. Vinju},
  title        = {{RASCAL:} {A} Domain Specific Language for Source
                  Code Analysis and Manipulation},
  year         = 2009,
  booktitle    = {Ninth {IEEE} International Working Conference on
                  Source Code Analysis and Manipulation, {SCAM} 2009,
                  Edmonton, Alberta, Canada, September 20-21, 2009},
  pages        = {168-177},
  doi          = {10.1109/SCAM.2009.28},
  url          = {https://doi.org/10.1109/SCAM.2009.28},
  crossref     = {DBLP:conf/scam/2009},
  timestamp    = {Mon, 05 Jun 2017 12:42:55 +0200},
  biburl       = {https://dblp.org/rec/bib/conf/scam/KlintSV09},
  bibsource    = {dblp computer science bibliography,
                  https://dblp.org}
}

@proceedings{DBLP:conf/scam/2009,
  title     = {Ninth {IEEE} International Working Conference on Source Code Analysis
               and Manipulation, {SCAM} 2009, Edmonton, Alberta, Canada, September
               20-21, 2009},
  publisher = {{IEEE} Computer Society},
  year      = {2009},
  url       = {http://ieeexplore.ieee.org/xpl/mostRecentIssue.jsp?punumber=5279860},
  isbn      = {978-0-7695-3793-1},
  timestamp = {Wed, 15 Apr 2015 18:38:12 +0200},
  biburl    = {https://dblp.org/rec/bib/conf/scam/2009},
  bibsource = {dblp computer science bibliography, https://dblp.org}
}

@InProceedings{FelleisenFFKBMT15,
  author       = {Matthias Felleisen and Robert Bruce Findler and
                  Matthew Flatt and Shriram Krishnamurthi and Eli
                  Barzilay and Jay A. McCarthy and Sam
                  Tobin{-}Hochstadt},
  title        = {The Racket Manifesto},
  year         = 2015,
  booktitle    = {1st Summit on Advances in Programming Languages,
                  {SNAPL} 2015, May 3-6, 2015, Asilomar, California,
                  {USA}},
  pages        = {113-128},
  doi          = {10.4230/LIPIcs.SNAPL.2015.113},
  url          = {https://doi.org/10.4230/LIPIcs.SNAPL.2015.113},
  crossref     = {DBLP:conf/snapl/2015},
  timestamp    = {Thu, 02 May 2019 17:40:15 +0200},
  biburl       =
                  {https://dblp.org/rec/bib/conf/snapl/FelleisenFFKBMT15},
  bibsource    = {dblp computer science bibliography,
                  https://dblp.org}
}

@proceedings{DBLP:conf/snapl/2015,
  editor    = {Thomas Ball and
               Rastislav Bod{\'{\i}}k and
               Shriram Krishnamurthi and
               Benjamin S. Lerner and
               Greg Morrisett},
  title     = {1st Summit on Advances in Programming Languages, {SNAPL} 2015, May
               3-6, 2015, Asilomar, California, {USA}},
  series    = {LIPIcs},
  volume    = {32},
  publisher = {Schloss Dagstuhl - Leibniz-Zentrum fuer Informatik},
  year      = {2015},
  url       = {http://www.dagstuhl.de/dagpub/978-3-939897-80-4},
  isbn      = {978-3-939897-80-4},
  timestamp = {Thu, 02 May 2019 17:40:15 +0200},
  biburl    = {https://dblp.org/rec/bib/conf/snapl/2015},
  bibsource = {dblp computer science bibliography, https://dblp.org}
}

@InProceedings{ByrdHF12,
  author       = {William E. Byrd and Eric Holk and Daniel
                  P. Friedman},
  title        = {miniKanren, live and untagged: quine generation via
                  relational interpreters (programming pearl)},
  year         = 2012,
  booktitle    = {Proceedings of the 2012 Annual Workshop on Scheme
                  and Functional Programming, Scheme 2012, Copenhagen,
                  Denmark, September 9-15, 2012},
  pages        = {8-29},
  doi          = {10.1145/2661103.2661105},
  url          = {https://doi.org/10.1145/2661103.2661105},
  crossref     = {DBLP:conf/icfp/2012scheme},
  timestamp    = {Tue, 06 Nov 2018 16:59:25 +0100},
  biburl       = {https://dblp.org/rec/bib/conf/icfp/ByrdHF12},
  bibsource    = {dblp computer science bibliography,
                  https://dblp.org}
}

@proceedings{DBLP:conf/icfp/2012scheme,
  editor    = {Olivier Danvy},
  title     = {Proceedings of the 2012 Annual Workshop on Scheme and Functional Programming,
               Scheme 2012, Copenhagen, Denmark, September 9-15, 2012},
  publisher = {{ACM}},
  year      = {2012},
  url       = {https://doi.org/10.1145/2661103},
  doi       = {10.1145/2661103},
  isbn      = {978-1-4503-1895-2},
  timestamp = {Tue, 06 Nov 2018 16:59:25 +0100},
  biburl    = {https://dblp.org/rec/bib/conf/icfp/2012scheme},
  bibsource = {dblp computer science bibliography, https://dblp.org}
}

@InProceedings{LuMF19,
  title = {Towards a {miniKanren} with fair search strategies},
  author = {Kuang-Chen Lu and Weixi Ma and Daniel P. Friedman},
  year = 2019,
  booktitle = {Proceedings of the Workshop on miniKanren 2019, Berlin, Germany},
  url = {http://minikanren.org/workshop/2019/minikanren19-final1.pdf}
}

@InProceedings{RozplokhasVB19,
  title = {Certified Semantics for {miniKanren}},
  author = {Dmitry Rozplokhas and Andrey Vyatkin and Dmitri Boulytchev},
  year = 2019,
  booktitle = {Proceedings of the Workshop on miniKanren 2019, Berlin, Germany},
  url = {http://minikanren.org/workshop/2019/minikanren19-final5.pdf}
}
